<?xml version="1.0" encoding="UTF-8"?>
<marc:collection xmlns:marc="http://www.loc.gov/MARC21/slim" xmlns:xsi="http://www.w3.org/2001/XMLSchema-instance" xsi:schemaLocation="http://www.loc.gov/MARC21/slim http://www.loc.gov/standards/marcxml/schema/MARC21slim.xsd">
	<marc:record>
		<marc:controlfield tag="type">Bibliographic</marc:controlfield>
		<marc:controlfield tag="leader">04125cam a2200457Ii 4500</marc:controlfield>
		<marc:controlfield tag="001">BRILL9789004364486</marc:controlfield>
		<marc:controlfield tag="003">nllekb</marc:controlfield>
		<marc:controlfield tag="005">20190826145055.0</marc:controlfield>
		<marc:controlfield tag="006">m        d</marc:controlfield>
		<marc:controlfield tag="007">cr un    uuuua</marc:controlfield>
		<marc:controlfield tag="008">180201s2018    mau     sb    000 0 eng d</marc:controlfield>
		<marc:datafield tag="010" ind1=" " ind2=" ">
			<marc:subfield code="a">2018001103</marc:subfield>
		</marc:datafield>
		<marc:datafield tag="020" ind1=" " ind2=" ">
			<marc:subfield code="a">9789004364486</marc:subfield>
			<marc:subfield code="q">(electronic book)</marc:subfield>
		</marc:datafield>
		<marc:datafield tag="020" ind1=" " ind2=" ">
			<marc:subfield code="z">9789004364479</marc:subfield>
			<marc:subfield code="q">(print)</marc:subfield>
		</marc:datafield>
		<marc:datafield tag="024" ind1="7" ind2=" ">
			<marc:subfield code="a">10.1163/9789004364486</marc:subfield>
			<marc:subfield code="2">DOI</marc:subfield>
		</marc:datafield>
		<marc:datafield tag="035" ind1=" " ind2=" ">
			<marc:subfield code="a">(OCoLC)1016406372</marc:subfield>
			<marc:subfield code="z">(OCoLC)1016343411</marc:subfield>
		</marc:datafield>
		<marc:datafield tag="040" ind1=" " ind2=" ">
			<marc:subfield code="a">NL-LeKB</marc:subfield>
			<marc:subfield code="c">NL-LeKB</marc:subfield>
			<marc:subfield code="e">rda</marc:subfield>
		</marc:datafield>
		<marc:datafield tag="050" ind1=" " ind2="4">
			<marc:subfield code="a">LB1025.3</marc:subfield>
			<marc:subfield code="b">.T537 2018</marc:subfield>
		</marc:datafield>
		<marc:datafield tag="072" ind1=" " ind2="7">
			<marc:subfield code="a">JN</marc:subfield>
			<marc:subfield code="2">bicssc</marc:subfield>
		</marc:datafield>
		<marc:datafield tag="072" ind1=" " ind2="7">
			<marc:subfield code="a">EDU000000</marc:subfield>
			<marc:subfield code="2">bisacsh</marc:subfield>
		</marc:datafield>
		<marc:datafield tag="082" ind1="0" ind2="4">
			<marc:subfield code="a">371.102</marc:subfield>
			<marc:subfield code="2">23</marc:subfield>
		</marc:datafield>
		<marc:datafield tag="100" ind1="1" ind2=" ">
			<marc:subfield code="a">Thornton, Holly J.</marc:subfield>
		</marc:datafield>
		<marc:datafield tag="245" ind1="1" ind2="4">
			<marc:subfield code="a">The it factor :</marc:subfield>
			<marc:subfield code="b">what makes a teacher great? /</marc:subfield>
			<marc:subfield code="c">by Holly J. Thornton.</marc:subfield>
		</marc:datafield>
		<marc:datafield tag="264" ind1=" " ind2="1">
			<marc:subfield code="a">Boston :</marc:subfield>
			<marc:subfield code="b">Brill Sense,</marc:subfield>
			<marc:subfield code="c">[2018]</marc:subfield>
		</marc:datafield>
		<marc:datafield tag="300" ind1=" " ind2=" ">
			<marc:subfield code="a">1 online resource (viii, 179 pages)</marc:subfield>
		</marc:datafield>
		<marc:datafield tag="336" ind1=" " ind2=" ">
			<marc:subfield code="a">text</marc:subfield>
			<marc:subfield code="b">txt</marc:subfield>
			<marc:subfield code="2">rdacontent</marc:subfield>
		</marc:datafield>
		<marc:datafield tag="337" ind1=" " ind2=" ">
			<marc:subfield code="a">computer</marc:subfield>
			<marc:subfield code="b">c</marc:subfield>
			<marc:subfield code="2">rdamedia</marc:subfield>
		</marc:datafield>
		<marc:datafield tag="338" ind1=" " ind2=" ">
			<marc:subfield code="a">online resource</marc:subfield>
			<marc:subfield code="2">rdacarrier</marc:subfield>
		</marc:datafield>
		<marc:datafield tag="490" ind1="0" ind2=" ">
			<marc:subfield code="a">Advances in teaching and teacher education ;</marc:subfield>
			<marc:subfield code="v">2</marc:subfield>
		</marc:datafield>
		<marc:datafield tag="504" ind1=" " ind2=" ">
			<marc:subfield code="a">Includes bibliographical references.</marc:subfield>
		</marc:datafield>
		<marc:datafield tag="505" ind1="0" ind2="0">
			<marc:subfield code="a">Front Matter -- Copyright page -- Preface -- What Is It and Why Does It Matter? -- My Journey with Dispositions -- Dispositions in Action: What Do They Look Like? -- What Are Dispositions, Really? -- How Do Dispositions Align with Child Development? -- Why Dispositions? Why Now? -- What Does it Look Like? Responsive Dispositions in the Classroom -- Assessment: The Disposition to Be Critical and Challenging by Lois Boone -- Instruction: The Disposition to Be Facilitative by Sarah Chapman -- Instruction: The Disposition to Be Creative by Jessi Hall -- Management: The Disposition to Empower by Kim Tufts -- Management: The Disposition to Connect by Brooke Huffman -- Professionalism: The Disposition towards Change by Kellie Johnson -- Professionalism: The Disposition to Be Inclusive by Kalie Eppley -- Just do it: Processes and Tools -- Using DIA: Breaking it Down -- The It Factor Tool Kit -- Next Steps for DIA: A Call to Action.</marc:subfield>
		</marc:datafield>
		<marc:datafield tag="506" ind1=" " ind2=" ">
			<marc:subfield code="a">Available to subscribing member institutions only.</marc:subfield>
		</marc:datafield>
		<marc:datafield tag="520" ind1=" " ind2=" ">
			<marc:subfield code="a">The impact a teacher has on students may be profound and lasting. Thus, teacher preparation is grounded in standards to assure that all teacher candidates know the content and have the skills needed to become good teachers. What makes a teacher great? The answer is not clear-cut or easily measured with tests. But we all know a great teacher when we see one. The best teachers have an It Factor that sets them apart from others. It is seemingly intangible and unteachable, as it’s often said that, “Some people are just born to be teachers.” This book challenges that assumption and uncovers the It Factor . Teacher and student voices helped to develop language and tools to examine how teachers are disposed to think and act and how this affects student learning. If we can identify what makes teachers great, we can teach it. Students have a sea of information, opinions and messaging at their fingertips. They find themselves navigating through a myriad of facts and “alternative facts.” Opinions, beliefs, and fallacies share the same platform and status as well grounded information and vetted ideas, fueling tensions among individuals and distance between groups. Developing students who are caring, critical thinkers and problem-solvers may be more important now than ever. The teachers who are right for this challenge have more than content knowledge and teaching skills. To meet this challenge, teachers need to have “It,” that something inside that makes them not just good teachers, but great ones.</marc:subfield>
		</marc:datafield>
		<marc:datafield tag="650" ind1=" " ind2="0">
			<marc:subfield code="a">Effective teaching.</marc:subfield>
		</marc:datafield>
		<marc:datafield tag="650" ind1=" " ind2="0">
			<marc:subfield code="a">Motivation in education.</marc:subfield>
		</marc:datafield>
		<marc:datafield tag="650" ind1=" " ind2="7">
			<marc:subfield code="a">Effective teaching.</marc:subfield>
			<marc:subfield code="2">fast</marc:subfield>
		</marc:datafield>
		<marc:datafield tag="650" ind1=" " ind2="7">
			<marc:subfield code="a">Motivation in education.</marc:subfield>
			<marc:subfield code="2">fast</marc:subfield>
		</marc:datafield>
		<marc:datafield tag="776" ind1="0" ind2="8">
			<marc:subfield code="i">Online version:</marc:subfield>
			<marc:subfield code="a">Thornton, Holly J.</marc:subfield>
			<marc:subfield code="t">It factor.</marc:subfield>
			<marc:subfield code="d">Boston : Brill Sense, [2018]</marc:subfield>
			<marc:subfield code="z">9789004364486</marc:subfield>
			<marc:subfield code="w">(DLC)  2018006164</marc:subfield>
		</marc:datafield>
		<marc:datafield tag="830" ind1=" " ind2="0">
			<marc:subfield code="a">Advances in Teaching and Teacher Education</marc:subfield>
			<marc:subfield code="v">2.</marc:subfield>
		</marc:datafield>
		<marc:datafield tag="830" ind1=" " ind2="0">
			<marc:subfield code="a">Educational Research E-Books Online, Collection 2018, ISBN: 9789004375666.</marc:subfield>
		</marc:datafield>
		<marc:datafield tag="856" ind1="4" ind2=" ">
			<marc:subfield code="z">DOI:</marc:subfield>
			<marc:subfield code="u">http://dx.doi.org/10.1163/9789004364486</marc:subfield>
		</marc:datafield>
	</marc:record>