

	<marc:record>
		<marc:controlfield tag="type">Bibliographic</marc:controlfield>
		<marc:controlfield tag="leader">02811cam a2200397Ii 4500</marc:controlfield>
		<marc:controlfield tag="001">BRILL9789004364622</marc:controlfield>
		<marc:controlfield tag="003">nllekb</marc:controlfield>
		<marc:controlfield tag="005">20190826145055.0</marc:controlfield>
		<marc:controlfield tag="006">m        d</marc:controlfield>
		<marc:controlfield tag="007">cr un    uuuua</marc:controlfield>
		<marc:controlfield tag="008">180411s2018    ne      s     000 0 eng d</marc:controlfield>
		<marc:datafield tag="020" ind1=" " ind2=" ">
			<marc:subfield code="a">9789004364622</marc:subfield>
			<marc:subfield code="q">(electronic book)</marc:subfield>
		</marc:datafield>
		<marc:datafield tag="020" ind1=" " ind2=" ">
			<marc:subfield code="z">9789004364608</marc:subfield>
			<marc:subfield code="q">(print)</marc:subfield>
		</marc:datafield>
		<marc:datafield tag="024" ind1="7" ind2=" ">
			<marc:subfield code="a">10.1163/9789004364622</marc:subfield>
			<marc:subfield code="2">DOI</marc:subfield>
		</marc:datafield>
		<marc:datafield tag="040" ind1=" " ind2=" ">
			<marc:subfield code="a">NL-LeKB</marc:subfield>
			<marc:subfield code="c">NL-LeKB</marc:subfield>
			<marc:subfield code="e">rda</marc:subfield>
		</marc:datafield>
		<marc:datafield tag="050" ind1=" " ind2="4">
			<marc:subfield code="a">LC1090</marc:subfield>
			<marc:subfield code="b">.W45 2018</marc:subfield>
		</marc:datafield>
		<marc:datafield tag="072" ind1=" " ind2="7">
			<marc:subfield code="a">JNFR</marc:subfield>
			<marc:subfield code="2">bicssc</marc:subfield>
		</marc:datafield>
		<marc:datafield tag="072" ind1=" " ind2="7">
			<marc:subfield code="a">EDU020000</marc:subfield>
			<marc:subfield code="2">bisacsh</marc:subfield>
		</marc:datafield>
		<marc:datafield tag="072" ind1=" " ind2="7">
			<marc:subfield code="a">JNFR</marc:subfield>
			<marc:subfield code="2">bicssc</marc:subfield>
		</marc:datafield>
		<marc:datafield tag="072" ind1=" " ind2="7">
			<marc:subfield code="a">EDU020000</marc:subfield>
			<marc:subfield code="2">bisacsh</marc:subfield>
		</marc:datafield>
		<marc:datafield tag="082" ind1="0" ind2="4">
			<marc:subfield code="a">370.116</marc:subfield>
			<marc:subfield code="2">23</marc:subfield>
		</marc:datafield>
		<marc:datafield tag="100" ind1="1" ind2=" ">
			<marc:subfield code="a">White, Cameron.</marc:subfield>
		</marc:datafield>
		<marc:datafield tag="245" ind1="1" ind2="0">
			<marc:subfield code="a">Internationalizing education :</marc:subfield>
			<marc:subfield code="b">local to global connections for the 21st century /</marc:subfield>
			<marc:subfield code="c">Cameron White.</marc:subfield>
		</marc:datafield>
		<marc:datafield tag="264" ind1=" " ind2="1">
			<marc:subfield code="a">Leiden, Netherlands :</marc:subfield>
			<marc:subfield code="b">Brill Publishers,</marc:subfield>
			<marc:subfield code="c">2018.</marc:subfield>
		</marc:datafield>
		<marc:datafield tag="300" ind1=" " ind2=" ">
			<marc:subfield code="a">1 online resource (200 pages) ;</marc:subfield>
			<marc:subfield code="c">cm.</marc:subfield>
		</marc:datafield>
		<marc:datafield tag="336" ind1=" " ind2=" ">
			<marc:subfield code="a">text</marc:subfield>
			<marc:subfield code="b">txt</marc:subfield>
			<marc:subfield code="2">rdacontent</marc:subfield>
		</marc:datafield>
		<marc:datafield tag="337" ind1=" " ind2=" ">
			<marc:subfield code="a">computer</marc:subfield>
			<marc:subfield code="b">c</marc:subfield>
			<marc:subfield code="2">rdamedia</marc:subfield>
		</marc:datafield>
		<marc:datafield tag="338" ind1=" " ind2=" ">
			<marc:subfield code="a">online resource</marc:subfield>
			<marc:subfield code="2">rdacarrier</marc:subfield>
		</marc:datafield>
		<marc:datafield tag="505" ind1="0" ind2="0">
			<marc:subfield code="a">Front Matter -- Copyright page -- Preface: A Rationale for Internationalizing Education -- Challenging Traditional Research Assumptions -- Internationalizing Critical Qualitative Case Studies -- Global Education in the 21st Century -- Internationalizing Social Studies and History Education -- Culturally Responsive Pedagogy Linking Present and Past -- Local to Global Citizenship Education -- Global Classrooms -- Global Commmunity and Social Education -- Asia Pop -- Internationalizing Teacher Education -- A US/Vietnam Case Study in Internationalizing -- A China Narrative for Internationalizing Education -- Internationalizing an Executive/Professional EdD -- Transitioning from an EdD to a PhD -- Building International Connections through Music -- Local to Global -- Latin Americanizing the Curriculum.</marc:subfield>
		</marc:datafield>
		<marc:datafield tag="506" ind1=" " ind2=" ">
			<marc:subfield code="a">Available to subscribing member institutions only.</marc:subfield>
		</marc:datafield>
		<marc:datafield tag="520" ind1=" " ind2=" ">
			<marc:subfield code="a">In Internationalizing Education: Local to Global Connections for the 21st Century , the author offers a unique perspective in addressing issues in global, international, and comparative education. Specific case studies addressing such topics as globalization, teacher education, global citizenship, study abroad, and specific regions are included in the text. Additionally, educational themes such as culturally responsive pedagogy, social justice education, critical pedagogy, curriculum and instruction, and constructivism are also addressed.</marc:subfield>
		</marc:datafield>
		<marc:datafield tag="650" ind1=" " ind2="0">
			<marc:subfield code="a">International education.</marc:subfield>
		</marc:datafield>
		<marc:datafield tag="650" ind1=" " ind2="0">
			<marc:subfield code="a">Comparative education.</marc:subfield>
		</marc:datafield>
		<marc:datafield tag="776" ind1="0" ind2="8">
			<marc:subfield code="i">Print version:</marc:subfield>
			<marc:subfield code="t">Internationalizing Education: Local to Global Connections for the 21st Century</marc:subfield>
			<marc:subfield code="d">Leiden, Boston : Brill | Sense, 2018,</marc:subfield>
			<marc:subfield code="z">9789004364608</marc:subfield>
		</marc:datafield>
		<marc:datafield tag="830" ind1=" " ind2="0">
			<marc:subfield code="a">Educational Research E-Books Online, Collection 2018, ISBN: 9789004375666.</marc:subfield>
		</marc:datafield>
		<marc:datafield tag="856" ind1="4" ind2=" ">
			<marc:subfield code="z">DOI:</marc:subfield>
			<marc:subfield code="u">http://dx.doi.org/10.1163/9789004364622</marc:subfield>
		</marc:datafield>
	</marc:record>