

	<marc:record>
		<marc:controlfield tag="type">Bibliographic</marc:controlfield>
		<marc:controlfield tag="leader">03140cam a2200421Ii 4500</marc:controlfield>
		<marc:controlfield tag="001">BRILL9789004367272</marc:controlfield>
		<marc:controlfield tag="003">nllekb</marc:controlfield>
		<marc:controlfield tag="005">20190826145055.0</marc:controlfield>
		<marc:controlfield tag="006">m        d</marc:controlfield>
		<marc:controlfield tag="007">cr un    uuuua</marc:controlfield>
		<marc:controlfield tag="008">180411s2018    ne      s     000 0 eng d</marc:controlfield>
		<marc:datafield tag="020" ind1=" " ind2=" ">
			<marc:subfield code="a">9789004367272</marc:subfield>
			<marc:subfield code="q">(electronic book)</marc:subfield>
		</marc:datafield>
		<marc:datafield tag="020" ind1=" " ind2=" ">
			<marc:subfield code="z">9789004367258</marc:subfield>
			<marc:subfield code="q">(print)</marc:subfield>
		</marc:datafield>
		<marc:datafield tag="024" ind1="7" ind2=" ">
			<marc:subfield code="a">10.1163/9789004367272</marc:subfield>
			<marc:subfield code="2">DOI</marc:subfield>
		</marc:datafield>
		<marc:datafield tag="040" ind1=" " ind2=" ">
			<marc:subfield code="a">NL-LeKB</marc:subfield>
			<marc:subfield code="c">NL-LeKB</marc:subfield>
			<marc:subfield code="e">rda</marc:subfield>
		</marc:datafield>
		<marc:datafield tag="050" ind1=" " ind2="4">
			<marc:subfield code="a">N350</marc:subfield>
			<marc:subfield code="b">.T43 2018</marc:subfield>
		</marc:datafield>
		<marc:datafield tag="072" ind1=" " ind2="7">
			<marc:subfield code="a">JNA</marc:subfield>
			<marc:subfield code="2">bicssc</marc:subfield>
		</marc:datafield>
		<marc:datafield tag="072" ind1=" " ind2="7">
			<marc:subfield code="a">EDU040000</marc:subfield>
			<marc:subfield code="2">bisacsh</marc:subfield>
		</marc:datafield>
		<marc:datafield tag="072" ind1=" " ind2="7">
			<marc:subfield code="a">JNA</marc:subfield>
			<marc:subfield code="2">bicssc</marc:subfield>
		</marc:datafield>
		<marc:datafield tag="072" ind1=" " ind2="7">
			<marc:subfield code="a">EDU040000</marc:subfield>
			<marc:subfield code="2">bisacsh</marc:subfield>
		</marc:datafield>
		<marc:datafield tag="082" ind1="0" ind2="4">
			<marc:subfield code="a">370.1</marc:subfield>
			<marc:subfield code="2">23</marc:subfield>
		</marc:datafield>
		<marc:datafield tag="100" ind1="1" ind2=" ">
			<marc:subfield code="a">Thapalyal, Ranjana.</marc:subfield>
		</marc:datafield>
		<marc:datafield tag="245" ind1="1" ind2="0">
			<marc:subfield code="a">Education as mutual translation :</marc:subfield>
			<marc:subfield code="b">a Yoruba and Vedantic interface for pedagogy in the creative arts /</marc:subfield>
			<marc:subfield code="c">Ranjana Thapalyal.</marc:subfield>
		</marc:datafield>
		<marc:datafield tag="264" ind1=" " ind2="1">
			<marc:subfield code="a">Leiden :</marc:subfield>
			<marc:subfield code="b">Brill Sense,</marc:subfield>
			<marc:subfield code="c">2018.</marc:subfield>
		</marc:datafield>
		<marc:datafield tag="300" ind1=" " ind2=" ">
			<marc:subfield code="a">1 online resource (267 pages)</marc:subfield>
		</marc:datafield>
		<marc:datafield tag="336" ind1=" " ind2=" ">
			<marc:subfield code="a">text</marc:subfield>
			<marc:subfield code="b">txt</marc:subfield>
			<marc:subfield code="2">rdacontent</marc:subfield>
		</marc:datafield>
		<marc:datafield tag="337" ind1=" " ind2=" ">
			<marc:subfield code="a">computer</marc:subfield>
			<marc:subfield code="b">c</marc:subfield>
			<marc:subfield code="2">rdamedia</marc:subfield>
		</marc:datafield>
		<marc:datafield tag="338" ind1=" " ind2=" ">
			<marc:subfield code="a">online resource</marc:subfield>
			<marc:subfield code="2">rdacarrier</marc:subfield>
		</marc:datafield>
		<marc:datafield tag="505" ind1="0" ind2="0">
			<marc:subfield code="a">Front Matter -- Copyright page -- Dedication -- Acknowledgements -- Glossary -- List of Figures and Tables -- Time and Translation -- Education as Mutual Translation -- Vedanta, Self and Education -- Yoruba, Self and Education -- Vedantic and Yoruba Thought in Relation to Barnett’s Will to Learn and Freire’s Critical Consciousness -- Ethos, Structure and Methodology of the 4Minds Research Project -- Case Study Narratives -- Reflection on the Yoruba/Vedanta Course and 4Minds in Relation to Main Sources -- Analysis of the Research Project and card as Pedagogic Tool -- Conclusions -- Back Matter -- References -- Key Texts and Tenets of the Schools of Vedanta and Their Sources -- Index.</marc:subfield>
		</marc:datafield>
		<marc:datafield tag="506" ind1=" " ind2=" ">
			<marc:subfield code="a">Available to subscribing member institutions only.</marc:subfield>
		</marc:datafield>
		<marc:datafield tag="520" ind1=" " ind2=" ">
			<marc:subfield code="a">In Education as Mutual Translation , the author recounts recent research conducted at a UK Art School, then examines and applies Hindu Vedantist (Ancient Indian) and Yoruba (West African) philosophical concepts of self and mutuality with others to an environment that expects high levels of individuality. Yoruba and Vedantic analyses of mind are shown to have startling resonance with each other, with Paulo Freire’s critical consciousness, and Ronald Barnett’s student being. Placing these sources in theoretical dialogue with each other the author proposes “critical autobiographic reflection” as a tool for locating cultural, political and ontological self; she suggests that a more resilient original voice emerges from awareness of society and community than from individualism, and that genuine pedagogic exchange changes student, tutor, and the work of both.</marc:subfield>
		</marc:datafield>
		<marc:datafield tag="650" ind1=" " ind2="0">
			<marc:subfield code="a">Art</marc:subfield>
			<marc:subfield code="x">Study and teaching.</marc:subfield>
		</marc:datafield>
		<marc:datafield tag="650" ind1=" " ind2="0">
			<marc:subfield code="a">Individuality.</marc:subfield>
		</marc:datafield>
		<marc:datafield tag="650" ind1=" " ind2="0">
			<marc:subfield code="a">Identity (Psychology) in art.</marc:subfield>
		</marc:datafield>
		<marc:datafield tag="650" ind1=" " ind2="0">
			<marc:subfield code="a">Identity (Philosophical concept) in art.</marc:subfield>
		</marc:datafield>
		<marc:datafield tag="776" ind1="0" ind2="8">
			<marc:subfield code="i">Print version:</marc:subfield>
			<marc:subfield code="t">Education as Mutual Translation: A Yoruba and Vedantic Interface for Pedagogy in the Creative Arts</marc:subfield>
			<marc:subfield code="d">Leiden, Boston : Brill | Sense, 2018,</marc:subfield>
			<marc:subfield code="z">9789004367258</marc:subfield>
		</marc:datafield>
		<marc:datafield tag="830" ind1=" " ind2="0">
			<marc:subfield code="a">Educational Research E-Books Online, Collection 2018, ISBN: 9789004375666.</marc:subfield>
		</marc:datafield>
		<marc:datafield tag="856" ind1="4" ind2=" ">
			<marc:subfield code="z">DOI:</marc:subfield>
			<marc:subfield code="u">http://dx.doi.org/10.1163/9789004367272</marc:subfield>
		</marc:datafield>
	</marc:record>