

	<marc:record>
		<marc:controlfield tag="type">Bibliographic</marc:controlfield>
		<marc:controlfield tag="leader">05319cam a2200481Ii 4500</marc:controlfield>
		<marc:controlfield tag="001">BRILL9789004369603</marc:controlfield>
		<marc:controlfield tag="003">nllekb</marc:controlfield>
		<marc:controlfield tag="005">20190826145055.0</marc:controlfield>
		<marc:controlfield tag="006">m        d</marc:controlfield>
		<marc:controlfield tag="007">cr un    uuuua</marc:controlfield>
		<marc:controlfield tag="008">180521s2018    ne      sb    000 0 eng d</marc:controlfield>
		<marc:datafield tag="010" ind1=" " ind2=" ">
			<marc:subfield code="a">2018024881</marc:subfield>
		</marc:datafield>
		<marc:datafield tag="020" ind1=" " ind2=" ">
			<marc:subfield code="a">9789004369603</marc:subfield>
			<marc:subfield code="q">(electronic book)</marc:subfield>
		</marc:datafield>
		<marc:datafield tag="020" ind1=" " ind2=" ">
			<marc:subfield code="z">9789004369597</marc:subfield>
			<marc:subfield code="q">(print)</marc:subfield>
		</marc:datafield>
		<marc:datafield tag="024" ind1="7" ind2=" ">
			<marc:subfield code="a">10.1163/9789004369603</marc:subfield>
			<marc:subfield code="2">DOI</marc:subfield>
		</marc:datafield>
		<marc:datafield tag="035" ind1=" " ind2=" ">
			<marc:subfield code="a">2018024881</marc:subfield>
			<marc:subfield code="6">ORIG</marc:subfield>
		</marc:datafield>
		<marc:datafield tag="040" ind1=" " ind2=" ">
			<marc:subfield code="a">NL-LeKB</marc:subfield>
			<marc:subfield code="c">NL-LeKB</marc:subfield>
			<marc:subfield code="e">rda</marc:subfield>
		</marc:datafield>
		<marc:datafield tag="050" ind1=" " ind2="4">
			<marc:subfield code="a">NX280</marc:subfield>
		</marc:datafield>
		<marc:datafield tag="072" ind1=" " ind2="7">
			<marc:subfield code="a">JN</marc:subfield>
			<marc:subfield code="2">bicssc</marc:subfield>
		</marc:datafield>
		<marc:datafield tag="072" ind1=" " ind2="7">
			<marc:subfield code="a">EDU000000</marc:subfield>
			<marc:subfield code="2">bisacsh</marc:subfield>
		</marc:datafield>
		<marc:datafield tag="082" ind1="0" ind2="4">
			<marc:subfield code="a">700.71</marc:subfield>
			<marc:subfield code="2">23</marc:subfield>
		</marc:datafield>
		<marc:datafield tag="245" ind1="0" ind2="0">
			<marc:subfield code="a">Creativities in arts education, research and practice :</marc:subfield>
			<marc:subfield code="b">international perspectives for the future of learning and teaching /</marc:subfield>
			<marc:subfield code="c">edited by Leon R. de Bruin, Pamela Burnard and Susan Davis.</marc:subfield>
		</marc:datafield>
		<marc:datafield tag="264" ind1=" " ind2="1">
			<marc:subfield code="a">Leiden ;</marc:subfield>
			<marc:subfield code="a">Boston :</marc:subfield>
			<marc:subfield code="b">Brill Sense,</marc:subfield>
			<marc:subfield code="c">[2018]</marc:subfield>
		</marc:datafield>
		<marc:datafield tag="300" ind1=" " ind2=" ">
			<marc:subfield code="a">1 online resource.</marc:subfield>
		</marc:datafield>
		<marc:datafield tag="336" ind1=" " ind2=" ">
			<marc:subfield code="a">text</marc:subfield>
			<marc:subfield code="b">txt</marc:subfield>
			<marc:subfield code="2">rdacontent</marc:subfield>
		</marc:datafield>
		<marc:datafield tag="337" ind1=" " ind2=" ">
			<marc:subfield code="a">computer</marc:subfield>
			<marc:subfield code="b">c</marc:subfield>
			<marc:subfield code="2">rdamedia</marc:subfield>
		</marc:datafield>
		<marc:datafield tag="338" ind1=" " ind2=" ">
			<marc:subfield code="a">online resource</marc:subfield>
			<marc:subfield code="2">rdacarrier</marc:subfield>
		</marc:datafield>
		<marc:datafield tag="490" ind1="0" ind2=" ">
			<marc:subfield code="a">Critical issues in the future of learning and teaching ;</marc:subfield>
			<marc:subfield code="v">v. 15</marc:subfield>
		</marc:datafield>
		<marc:datafield tag="504" ind1=" " ind2=" ">
			<marc:subfield code="a">Includes bibliographical references.</marc:subfield>
		</marc:datafield>
		<marc:datafield tag="505" ind1="0" ind2="0">
			<marc:subfield code="t">Front Matter --</marc:subfield>
			<marc:subfield code="t">Copyright page --</marc:subfield>
			<marc:subfield code="t">Contents --</marc:subfield>
			<marc:subfield code="t">Acknowledgements --</marc:subfield>
			<marc:subfield code="t">Connecting Creativities in the Arts /</marc:subfield>
			<marc:subfield code="r">Leon R. de Bruin , Pamela Burnard and Susan Davis --</marc:subfield>
			<marc:subfield code="t">Creativities in Arts Practice and Arts-Based Research --</marc:subfield>
			<marc:subfield code="t">Exploring Particular Creativities in the Arts Through the Voices of Australian Visual Arts Educators /</marc:subfield>
			<marc:subfield code="r">Mark Selkrig and Christine Bottrell --</marc:subfield>
			<marc:subfield code="t">In-Between Practice and Art Worlds /</marc:subfield>
			<marc:subfield code="r">Megan McPherson --</marc:subfield>
			<marc:subfield code="t">Looking for Patterns in the Dust /</marc:subfield>
			<marc:subfield code="r">Amy Mortimer --</marc:subfield>
			<marc:subfield code="t">Bunya Pine, Goanna and Star Clusters /</marc:subfield>
			<marc:subfield code="r">Robyn Heckenberg --</marc:subfield>
			<marc:subfield code="t">The Stories within /</marc:subfield>
			<marc:subfield code="r">Sarah Jane Moore --</marc:subfield>
			<marc:subfield code="t">Good Question /</marc:subfield>
			<marc:subfield code="r">Susan Wright --</marc:subfield>
			<marc:subfield code="t">Creativities in Music, Music Teacher Education and the Music Industry --</marc:subfield>
			<marc:subfield code="t">Developing Creative Ecologies in Music Education /</marc:subfield>
			<marc:subfield code="r">Leon R. de Bruin --</marc:subfield>
			<marc:subfield code="t">Exploring Links Between Children’s Creativity Development and A World Music Education Program /</marc:subfield>
			<marc:subfield code="r">Shari Lindblom --</marc:subfield>
			<marc:subfield code="t">Music, Mathematics and Creative Processes /</marc:subfield>
			<marc:subfield code="r">Fiona King --</marc:subfield>
			<marc:subfield code="t">Assessing Creativity in English School Music Education /</marc:subfield>
			<marc:subfield code="r">Martin Fautley --</marc:subfield>
			<marc:subfield code="t">Training Pre-Service Teachers to be Creative /</marc:subfield>
			<marc:subfield code="r">Sharon Lierse --</marc:subfield>
			<marc:subfield code="t">Digital Audio Ecofeminism (DA’EF) /</marc:subfield>
			<marc:subfield code="r">Elizabeth Dobson --</marc:subfield>
			<marc:subfield code="t">Creativities in Drama and Dance and Embodied Learning --</marc:subfield>
			<marc:subfield code="t">Dramatic Learning and Indigenous Creativities: A Kinship Approach /</marc:subfield>
			<marc:subfield code="r">Susan Davis --</marc:subfield>
			<marc:subfield code="t">Creatively Analysing Dance A/r/tographically /</marc:subfield>
			<marc:subfield code="r">Peter J. Cook --</marc:subfield>
			<marc:subfield code="t">Creative Ideologies /</marc:subfield>
			<marc:subfield code="r">Alison O’Grady --</marc:subfield>
			<marc:subfield code="t">Connecting Arts Activism, Diverse Creativities and Embodiment through Practice as Research /</marc:subfield>
			<marc:subfield code="r">Pamela Burnard , Tatjana Dragovic , Peter J. Cook and Susanne Jasilek --</marc:subfield>
			<marc:subfield code="t">Propositions and Provocations for Advancing Learning and Teaching Through Creativities and the Arts /</marc:subfield>
			<marc:subfield code="r">Leon R. de Bruin , Pamela Burnard and Susan Davis --</marc:subfield>
			<marc:subfield code="t">Back Matter --</marc:subfield>
			<marc:subfield code="t">List of Contributors.</marc:subfield>
		</marc:datafield>
		<marc:datafield tag="506" ind1=" " ind2=" ">
			<marc:subfield code="a">Available to subscribing member institutions only.</marc:subfield>
		</marc:datafield>
		<marc:datafield tag="520" ind1=" " ind2=" ">
			<marc:subfield code="a">In Creativities in Arts Education, Research and Practice: International Perspectives for the Future of Learning and Teaching , Leon de Bruin, Pamela Burnard and Susan Davis provide new thinking, ideas and practices concerned with philosophically, pedagogically and actively developing arts learning and teaching. Interrogating successes and challenges for creativity education locally/globally/glocally, and using illustrative cases and examples drawn from education, practice and research, they explore unique local practices, agendas, glocalised perspectives and ways arts learning develops diverse creativities in order to produce new approaches and creative ecologies through inter- and cross-disciplinary teaching practices interconnecting beyond arts domains. This book highlights innovative approaches and perspectives to activating and promoting diverse creativities as new forms of authorship and analytic approaches within arts practice and education, along with the production of adaptable, sustainable pedagogies that promote and produce diverse creativities differently. This book will help educators, artists, and researchers understand and fully utilise ways they can transform their thinking and practice and keep their learning and teaching on the move. Contributors are: Christine Bottrell, Pamela Burnard, Peter Cook. Susan Davis, Elizabeth Dobson, Leon R. de Bruin, Tatjana Dragovic, Martin Fautley, Robyn Heckenberg, Susanne Jasilek, Fiona King, Sharon Lierse, Shari Lindblom, Megan McPherson, Sarah Jane Moore, Amy Mortimer, Alison O&apos;Grady, Mark Selkrig, Susan Wright.</marc:subfield>
		</marc:datafield>
		<marc:datafield tag="588" ind1=" " ind2=" ">
			<marc:subfield code="a">Description based on print version record and CIP data provided by publisher; resource not viewed.</marc:subfield>
		</marc:datafield>
		<marc:datafield tag="650" ind1=" " ind2="0">
			<marc:subfield code="a">Arts</marc:subfield>
			<marc:subfield code="x">Study and teaching.</marc:subfield>
		</marc:datafield>
		<marc:datafield tag="650" ind1=" " ind2="0">
			<marc:subfield code="a">Arts</marc:subfield>
			<marc:subfield code="x">Study and teaching</marc:subfield>
			<marc:subfield code="x">Research.</marc:subfield>
		</marc:datafield>
		<marc:datafield tag="650" ind1=" " ind2="0">
			<marc:subfield code="a">Creative thinking.</marc:subfield>
		</marc:datafield>
		<marc:datafield tag="700" ind1="1" ind2=" ">
			<marc:subfield code="a">De Bruin, Leon R.</marc:subfield>
		</marc:datafield>
		<marc:datafield tag="700" ind1="1" ind2=" ">
			<marc:subfield code="a">Burnard, Pamela.</marc:subfield>
		</marc:datafield>
		<marc:datafield tag="700" ind1="1" ind2=" ">
			<marc:subfield code="a">Davis, Susan,</marc:subfield>
			<marc:subfield code="d">1961-</marc:subfield>
		</marc:datafield>
		<marc:datafield tag="776" ind1="0" ind2="8">
			<marc:subfield code="i">Print version:</marc:subfield>
			<marc:subfield code="t">Creativities in arts education, research and practice</marc:subfield>
			<marc:subfield code="d">Leiden ; Boston : Brill Sense, [2018]</marc:subfield>
			<marc:subfield code="z">9789004369597</marc:subfield>
			<marc:subfield code="w">(DLC)  2018010095</marc:subfield>
		</marc:datafield>
		<marc:datafield tag="830" ind1=" " ind2="0">
			<marc:subfield code="a">Critical Issues in the Future of Learning and Teaching</marc:subfield>
			<marc:subfield code="v">15.</marc:subfield>
		</marc:datafield>
		<marc:datafield tag="830" ind1=" " ind2="0">
			<marc:subfield code="a">Educational Research E-Books Online, Collection 2018, ISBN: 9789004375666.</marc:subfield>
		</marc:datafield>
		<marc:datafield tag="856" ind1="4" ind2=" ">
			<marc:subfield code="z">DOI:</marc:subfield>
			<marc:subfield code="u">http://dx.doi.org/10.1163/9789004369603</marc:subfield>
		</marc:datafield>
	</marc:record>

</marc:collection>
